@article{Lee_RTM_2024,
  title={Dynamically Consistent Global Nonlinear Solutions in the Sequence Space: Theory and Applications},
  author={Lee, Hanbaek},
  journal={Working paper},
  year={2024}
}